@article{killip2017single,
  title={Single-cell studies of IFN-$\beta$ promoter activation by wild-type and NS1-defective influenza A viruses},
    author={Killip, Marian Jane and Jackson, David and P{\'e}rez-Cidoncha, Maite and Fodor, Ervin and Randall, Richard Edward},
      journal={Journal of General Virology},
        volume={98},
          number={3},
            pages={357--363},
              year={2017},
                publisher={Microbiology Society}
}

@article{perez2014unbiased,
  title={An unbiased genetic screen reveals the polygenic nature of the influenza virus anti-interferon response.},
    author={P{\'e}rez-Cidoncha, M and Killip, MJ and Oliveros, JC and Asensio, VJ and Fern{\'a}ndez, Y and Bengoechea, JA and Randall, RE and Ort{\'\i}n, J},
      journal={Journal of Virology},
        volume={88},
          number={9},
            pages={4632--4646},
              year={2014},
                publisher={American Society for Microbiology (ASM)}
}

@article{russell2018extreme,
  title={Extreme heterogeneity of influenza virus infection in single cells},
    author={Russell, Alistair B and Trapnell, Cole and Bloom, Jesse D},
      journal={eLife},
        volume={7},
          pages={e32303},
            year={2018},
              publisher={eLife Sciences Publications Limited}
}

@article{steuerman2018dissection,
  title={Dissection of Influenza Infection In Vivo by Single-Cell RNA Sequencing},
    author={Steuerman, Yael and Cohen, Merav and Peshes-Yaloz, Naama and Valadarsky, Liran and Cohn, Ofir and David, Eyal and Frishberg, Amit and Mayo, Lior and Bacharach, Eran and Amit, Ido and Gat-Viks, Irit},
      journal={Cell systems},
        year={2018},
        volume = {6},
        pages = {679-691.e4},
          publisher={Elsevier}
}

@article{zanini2018single,
  title={Single-cell transcriptional dynamics of flavivirus infection},
    author={Zanini, Fabio and Pu, Szu-Yuan and Bekerman, Elena and Einav, Shirit and Quake, Stephen R},
      journal={eLife},
        volume={7},
          pages={e32942},
            year={2018},
              publisher={eLife Sciences Publications Limited}
}

@article{zanini2018virus,
  title={Virus-inclusive single cell RNA sequencing reveals molecular signature predictive of progression to severe dengue infection},
    author={Zanini, Fabio and Robinson, Makeda and Croote, Derek and Sahoo, Malaya Kumar and Sanz, Ana Maria and Ortiz-Lasso, Eliana and Albornoz, Ludwig Luis and Suarez, Fernando Rosso and Montoya, Jose G and Pinsky, Benjamin A and Quake, Stephen and Einav, Shirit},
      journal={bioRxiv},
        volume={DOI: 388181},
          year={2018},
            publisher={Cold Spring Harbor Laboratory}
}
